@misc{1,
         author =  {Comín M. Dejoz, R. Peris J.L. Atienza C. Prat J. Vera P.},
         title = {Conceptos básicos
       de mecánica en biomecánica},
url=
{https://core.ac.uk/download/pdf/41783551.pdf},
         year = 1996,
         month = {}
    }
    @misc{2,
         author =  {TECHNOGYM},
         title = {Biomecánica: conceptos básicos sobre el movimiento del cuerpo humano},
         url = {https://www.technogym.com/mx/wellness/biomechanics-understanding-the-terms-that-make-our-bodies-move/#:~:text=Se%20denomina%20biomec%C3%A1nica%20al%20an%C3%A1lisis,el%20equipamiento%20o%20el%20entorno},
     year = 2019,
         month = {Diciembre}
    }
    @misc{3,
         author =  {Ravasio, A.},
         title = {Biomecánica y Fisiología Cuantitativa. Ingeniería biológica y media},
         url = {https://ingenieriabiologicaymedica.uc.cl/es/investigacion/areas-de-investigacion/biomecanica-y-fisiologia-cuantitativa}
    }
    @misc{4,
 author =  {Villa, A. C.},
         title = {Repositorio Institucional de la Universidad Politécnica Salesiana: Investigación en el área de la biomecánica retos y perspectivas en el Ecuador. Universidad Politécnica Salesiana Ecuador.},
         url = {https://dspace.ups.edu.ec/handle/123456789/11215},
     year = 2015,
         month = {Diciembre}
         }