@misc{1,
         author =  {P. Pérez & M. Valente.},
         title = {Aplicación de la técnica de simulación Monte Carlo},
         url = {https://www.famaf.unc.edu.ar/~pperez1/manuales/cim/cap6.html#:~:text=La%20simulaci%C3%B3n%20Monte%20Carlo%20es,m%C3%A9dicas%20que%20utilizan%20radiaciones%20ionizantes.},
         year = 2018,
         month = {}
         
         }
@misc{3,
         author =  {López Briega, R.E.},
         title = {Introducción a los métodos de Monte-Carlo con Python},
         url = {https://relopezbriega.github.io/blog/2017/01/10/introduccion-a-los-metodos-de-monte-carlo-con-python/},
         year = 2017,
         month = {Marzo}
         
         }
@misc{2,
         author =  {Landrove, R.M.},
         title = {MÉTODO DE MONTE CARLO Y SUS APLICACIONES},
         url = {http://fisica.ciens.ucv.ve/~rmartin/lspcp/mmca.html},
         year = 1994,
         month = {Octubre}
         
         }