@Webpage{apastyle,
         url = {https://www.bbc.com/mundo/noticias/2011/02/110214_protesis_momias_pl},
        
         title = {Los antiguos egipcios también utilizaban prótesis},
         year = 2011,
         lastchecked = {23 Noviembre 2022},
         
}

@Webpage{apastyle2,
         url = {https://www.ru.tic.unam.mx/handle/123456789/840},
        author= {Jesus Manuel Dorador Gonzalez},
         title = {Robótica y prótesis inteligentes},
         year = 2005,
         lastchecked = {23 Noviembre 2022},
         
}
@Webpage{apastyle3,
         url = {https://www.stanfordchildrens.org/es/topic/default?id=anatomyofthehand-85-P04195},
        
         title = {Anatomía de la mano},
         year = 2019,
         lastchecked = {23 Noviembre 2022},
         
}

@book{voegeli2000lecciones,
  title={Lecciones b{\'a}sicas de biomec{\'a}nica del aparato locomotor},
  chapter ={11},
  author={Voegeli, Antonio Viladot},
  year={2000},
  publisher={Springer Science \& Business Media}
}