@book{voegeli2000lecciones,
  title={Lecciones b{\'a}sicas de biomec{\'a}nica del aparato locomotor},
  chapter ={11},
  author={Voegeli, Antonio Viladot},
  year={2000},
  publisher={Springer Science \& Business Media}
}